<?xml version="1.0" encoding="UTF-8"?>
  <record xmlns="http://www.loc.gov/MARC21/slim" type="Authority">
    <leader>00000nz  a2200000oc 4500</leader>
    <controlfield tag="001">040057623</controlfield>
    <controlfield tag="003">DE-101</controlfield>
    <controlfield tag="005">20220415151500.0</controlfield>
    <controlfield tag="008">880701n||azznnaabn           | ana    |c</controlfield>
    <datafield tag="024" ind1="7" ind2=" ">
      <subfield code="a">4005762-8</subfield>
      <subfield code="0">http://d-nb.info/gnd/4005762-8</subfield>
      <subfield code="2">gnd</subfield>
    </datafield>
    <datafield tag="034" ind1=" " ind2=" ">
      <subfield code="d">E 007 26 50</subfield>
      <subfield code="e">E 007 26 50</subfield>
      <subfield code="f">N 046 56 53</subfield>
      <subfield code="g">N 046 56 53</subfield>
      <subfield code="2">geonames</subfield>
      <subfield code="0">https://sws.geonames.org/2661552</subfield>
      <subfield code="9">A:agx</subfield>
    </datafield>
    <datafield tag="034" ind1=" " ind2=" ">
      <subfield code="d">E007.447222</subfield>
      <subfield code="e">E007.447222</subfield>
      <subfield code="f">N046.948055</subfield>
      <subfield code="g">N046.948055</subfield>
      <subfield code="2">geonames</subfield>
      <subfield code="0">https://sws.geonames.org/2661552</subfield>
      <subfield code="9">A:dgx</subfield>
    </datafield>
    <datafield tag="035" ind1=" " ind2=" ">
      <subfield code="a">(DE-101)040057623</subfield>
    </datafield>
    <datafield tag="035" ind1=" " ind2=" ">
      <subfield code="a">(DE-588)4005762-8</subfield>
    </datafield>
    <datafield tag="035" ind1=" " ind2=" ">
      <subfield code="z">(DE-588)1085894231</subfield>
    </datafield>
    <datafield tag="035" ind1=" " ind2=" ">
      <subfield code="z">(DE-588)1085174409</subfield>
    </datafield>
    <datafield tag="035" ind1=" " ind2=" ">
      <subfield code="z">(DE-588)2004253-X</subfield>
    </datafield>
    <datafield tag="035" ind1=" " ind2=" ">
      <subfield code="z">(DE-588b)16210628-2</subfield>
    </datafield>
    <datafield tag="035" ind1=" " ind2=" ">
      <subfield code="z">(DE-588b)2004253-X</subfield>
      <subfield code="9">v:zg</subfield>
    </datafield>
    <datafield tag="035" ind1=" " ind2=" ">
      <subfield code="z">(DE-588c)4005762-8</subfield>
      <subfield code="9">v:zg</subfield>
    </datafield>
    <datafield tag="040" ind1=" " ind2=" ">
      <subfield code="a">DE-101</subfield>
      <subfield code="c">DE-101</subfield>
      <subfield code="9">r:DE-101</subfield>
      <subfield code="b">ger</subfield>
      <subfield code="d">9999</subfield>
      <subfield code="e">rda</subfield>
    </datafield>
    <datafield tag="042" ind1=" " ind2=" ">
      <subfield code="a">gndz</subfield>
    </datafield>
    <datafield tag="043" ind1=" " ind2=" ">
      <subfield code="c">XA-CH-BE</subfield>
    </datafield>
    <datafield tag="075" ind1=" " ind2=" ">
      <subfield code="b">g</subfield>
      <subfield code="2">gndgen</subfield>
    </datafield>
    <datafield tag="075" ind1=" " ind2=" ">
      <subfield code="b">gik</subfield>
      <subfield code="2">gndspec</subfield>
    </datafield>
    <datafield tag="079" ind1=" " ind2=" ">
      <subfield code="a">g</subfield>
      <subfield code="q">s</subfield>
      <subfield code="q">f</subfield>
      <subfield code="q">g</subfield>
      <subfield code="q">z</subfield>
      <subfield code="u">w</subfield>
      <subfield code="u">z</subfield>
      <subfield code="u">v</subfield>
      <subfield code="u">o</subfield>
      <subfield code="u">e</subfield>
    </datafield>
    <datafield tag="083" ind1="0" ind2="4">
      <subfield code="z">2</subfield>
      <subfield code="a">4945424</subfield>
      <subfield code="9">d:4</subfield>
      <subfield code="9">t:2016-07-26</subfield>
      <subfield code="2">22/ger</subfield>
    </datafield>
    <datafield tag="089" ind1="0" ind2="4">
      <subfield code="z">2</subfield>
      <subfield code="a">494542</subfield>
      <subfield code="9">d:4</subfield>
      <subfield code="9">t:2007-01-01</subfield>
      <subfield code="9">g:2016-07-26</subfield>
      <subfield code="2">22/ger</subfield>
    </datafield>
    <datafield tag="151" ind1=" " ind2=" ">
      <subfield code="a">Bern</subfield>
    </datafield>
    <datafield tag="451" ind1=" " ind2=" ">
      <subfield code="9">L:fre</subfield>
      <subfield code="a">Berne</subfield>
      <subfield code="5">CH-GND</subfield>
    </datafield>
    <datafield tag="451" ind1=" " ind2=" ">
      <subfield code="9">L:eng</subfield>
      <subfield code="a">Berne</subfield>
      <subfield code="5">CH-GND</subfield>
    </datafield>
    <datafield tag="451" ind1=" " ind2=" ">
      <subfield code="9">L:ita</subfield>
      <subfield code="a">Berna</subfield>
      <subfield code="5">CH-GND</subfield>
    </datafield>
    <datafield tag="451" ind1=" " ind2=" ">
      <subfield code="a">Stadt Bern</subfield>
    </datafield>
    <datafield tag="451" ind1=" " ind2=" ">
      <subfield code="a">Bärn</subfield>
    </datafield>
    <datafield tag="451" ind1=" " ind2=" ">
      <subfield code="a">Arctopolis</subfield>
    </datafield>
    <datafield tag="451" ind1=" " ind2=" ">
      <subfield code="a">Berna Helvetiorum</subfield>
    </datafield>
    <datafield tag="451" ind1=" " ind2=" ">
      <subfield code="a">Einwohnergemeinde Bern</subfield>
    </datafield>
    <datafield tag="451" ind1=" " ind2=" ">
      <subfield code="a">Gemeinde Bern</subfield>
    </datafield>
    <datafield tag="451" ind1=" " ind2=" ">
      <subfield code="a">Berne</subfield>
    </datafield>
    <datafield tag="451" ind1=" " ind2=" ">
      <subfield code="a">Berna</subfield>
    </datafield>
    <datafield tag="550" ind1=" " ind2=" ">
      <subfield code="0">(DE-101)958915318</subfield>
      <subfield code="0">(DE-588)4588418-3</subfield>
      <subfield code="0">https://d-nb.info/gnd/4588418-3</subfield>
      <subfield code="a">Berner</subfield>
      <subfield code="g">Volk</subfield>
      <subfield code="4">vbal</subfield>
      <subfield code="4">https://d-nb.info/standards/elementset/gnd#relatedTerm</subfield>
      <subfield code="w">r</subfield>
      <subfield code="i">Verwandter Begriff</subfield>
    </datafield>
    <datafield tag="667" ind1=" " ind2=" ">
      <subfield code="a">Bearbeitungssperre (Top500) – Änderungswünsche an DNB</subfield>
    </datafield>
    <datafield tag="670" ind1=" " ind2=" ">
      <subfield code="a">Druckorte des 16. bis 19. Jahrhunderts, 1991. S. 25</subfield>
    </datafield>
    <datafield tag="670" ind1=" " ind2=" ">
      <subfield code="a">B 2006</subfield>
      <subfield code="b">unter 1.</subfield>
    </datafield>
    <datafield tag="670" ind1=" " ind2=" ">
      <subfield code="a">Geo-Du.</subfield>
    </datafield>
    <datafield tag="670" ind1=" " ind2=" ">
      <subfield code="a">M</subfield>
      <subfield code="b">unter 1.</subfield>
    </datafield>
    <datafield tag="670" ind1=" " ind2=" ">
      <subfield code="a">GeoNames</subfield>
    </datafield>
    <datafield tag="670" ind1=" " ind2=" ">
      <subfield code="a">Gemeinde- u. Ortsverz. Schweiz (2015)</subfield>
    </datafield>
    <datafield tag="678" ind1=" " ind2=" ">
      <subfield code="b">Stadt im Schweizer Mittelland, Hauptstadt der Schweiz (seit 1848) u. des gleichnamigen Kantons (seit 1803), 1191 gegründet</subfield>
    </datafield>
    <datafield tag="751" ind1=" " ind2="7">
      <subfield code="0">(DE-101)989947440</subfield>
      <subfield code="0">(ZBW)091420512</subfield>
      <subfield code="0">https://zbw.eu/stw/descriptor/091420512</subfield>
      <subfield code="a">Bern (Stadt)</subfield>
      <subfield code="4">EQ</subfield>
      <subfield code="i">Aequivalenz</subfield>
      <subfield code="2">stw</subfield>
    </datafield>
    <datafield tag="913" ind1=" " ind2=" ">
      <subfield code="S">swd</subfield>
      <subfield code="i">g</subfield>
      <subfield code="a">Bern</subfield>
      <subfield code="0">(DE-588c)4005762-8</subfield>
    </datafield>
    <datafield tag="913" ind1=" " ind2=" ">
      <subfield code="S">gkd</subfield>
      <subfield code="i">a</subfield>
      <subfield code="a">Bern</subfield>
      <subfield code="0">(DE-588b)2004253-X</subfield>
    </datafield>
  </record>
